@article{Cao:1996,
 author = {Cao, Pei and Felten, Edward W. and Karlin, Anna R. and Li, Kai},
 title = {Implementation and Performance of Integrated Application-controlled File Caching, Prefetching, and Disk Scheduling},
 journal = {ACM Trans. Comput. Syst.},
 issue_date = {Nov. 1996},
 volume = {14},
 number = {4},
 month = nov,
 year = {1996},
 issn = {0734-2071},
 pages = {311--343},
 numpages = {33},
 url = {http://doi.acm.org/10.1145/235543.235544},
 doi = {10.1145/235543.235544},
 acmid = {235544},
 publisher = {ACM},
 address = {New York, NY, USA},
 keywords = {application-controlled resource management, disk scheduling, file caching, file prefetching},
}

@article{Megiddo:2004,
 author = {Megiddo, Nimrod and Modha, Dharmendra S.},
 title = {Outperforming LRU with an Adaptive Replacement Cache Algorithm},
 journal = {Computer},
 issue_date = {April 2004},
 volume = {37},
 number = {4},
 month = apr,
 year = {2004},
 issn = {0018-9162},
 pages = {58--65},
 numpages = {8},
 url = {http://dx.doi.org/10.1109/MC.2004.1297303},
 doi = {10.1109/MC.2004.1297303},
 acmid = {987557},
 publisher = {IEEE Computer Society Press},
 address = {Los Alamitos, CA, USA},
}
@MISC{Zhu:2007,
    author = {Yifeng Zhu and Hong Jiang},
    title = {RACE: A Robust Adaptive Caching Strategy for Buffer Cache},
    year = {2007}
}
@article{Denning:1968,
  author = {Denning, Peter J.},
  title = {The Working Set Model for Program Behavior},
  journal = {Commun. ACM},
  issue_date = {May 1968},
  volume = {11},
  number = {5},
  month = may,
  year = {1968},
  issn = {0001-0782},
  pages = {323--333},
  numpages = {11},
  url = {http://doi.acm.org/10.1145/363095.363141},
  doi = {10.1145/363095.363141},
  acmid = {363141},
  publisher = {ACM},
  address = {New York, NY, USA},
  keywords = {general operating system concepts, multiprocessing, multiprogramming, operating systems, program behavior, program models, resource allocation, scheduling, storage allocation},
}
@article{Saltzer:1984,
  author = {Saltzer, J. H. and Reed, D. P. and Clark, D. D.},
  title = {End-to-end Arguments in System Design},
  journal = {ACM Trans. Comput. Syst.},
  issue_date = {Nov. 1984},
  volume = {2},
  number = {4},
  month = nov,
  year = {1984},
  issn = {0734-2071},
  pages = {277--288},
  numpages = {12},
  url = {http://doi.acm.org/10.1145/357401.357402},
  doi = {10.1145/357401.357402},
  acmid = {357402},
  publisher = {ACM},
  address = {New York, NY, USA},
  keywords = {data communication, design principles, protocol design},
}
@online{lamr,
  author = {Vidar Holen},
  title = {Help! Linux ate my RAM},
  year = 2009,
  url = {https://www.linuxatemyram.com/},
  urldate = {2017-12-12}
}
@online{qemu,
  author = {},
  title = {QEMU},
  year = 2017,
  url = {https://www.qemu.org/},
  urldate = {2017-12-12}
}
@online{tpcb,
  author = {},
  title = {TPC-B Homepage},
  year = 2017,
  url = {http://www.tpc.org/tpcb/default.asp},
  urldate = {2017-12-12}
}
@article{Auer:2002,
  author = {Auer, Peter and Cesa-Bianchi, Nicol\`{o} and Fischer, Paul},
  title = {Finite-time Analysis of the Multiarmed Bandit Problem},
  journal = {Mach. Learn.},
  issue_date = {May-June 2002},
  volume = {47},
  number = {2-3},
  month = may,
  year = {2002},
  issn = {0885-6125},
  pages = {235--256},
  numpages = {22},
  url = {https://doi.org/10.1023/A:1013689704352},
  doi = {10.1023/A:1013689704352},
  acmid = {599677},
  publisher = {Kluwer Academic Publishers},
  address = {Hingham, MA, USA},
  keywords = {adaptive allocation rules, bandit problems, finite horizon regret},
}
