@article{Cao:1996,
 author = {Cao, Pei and Felten, Edward W. and Karlin, Anna R. and Li, Kai},
 title = {Implementation and Performance of Integrated Application-controlled File Caching, Prefetching, and Disk Scheduling},
 journal = {ACM Trans. Comput. Syst.},
 issue_date = {Nov. 1996},
 volume = {14},
 number = {4},
 month = nov,
 year = {1996},
 issn = {0734-2071},
 pages = {311--343},
 numpages = {33},
 url = {http://doi.acm.org/10.1145/235543.235544},
 doi = {10.1145/235543.235544},
 acmid = {235544},
 publisher = {ACM},
 address = {New York, NY, USA},
 keywords = {application-controlled resource management, disk scheduling, file caching, file prefetching},
}
